@inproceedings{azar1994balanced,
  title={Balanced allocations},
  author={Azar, Yossi and Broder, Andrei Z and Karlin, Anna R and Upfal, Eli},
  booktitle={Proceedings of the twenty-sixth annual ACM symposium on theory of computing},
  pages={593--602},
  year={1994}
}

@inproceedings{dahlgaard2016power,
  title={The power of two choices with simple tabulation},
  author={Dahlgaard, S{\o}ren and Knudsen, Mathias B{\ae}k Tejs and Rotenberg, Eva and Thorup, Mikkel},
  booktitle={Proceedings of the twenty-seventh annual ACM-SIAM symposium on Discrete algorithms},
  pages={1631--1642},
  year={2016},
  organization={SIAM}
}

@inproceedings{edmonds2006balanced,
  title={Balanced allocations of cake},
  author={Edmonds, Jeff and Pruhs, Kirk},
  booktitle={2006 47th Annual IEEE Symposium on Foundations of Computer Science (FOCS'06)},
  pages={623--634},
  year={2006},
  organization={IEEE}
}


@article{feldheim2021power,
  title={The power of thinning in balanced allocation},
  author={Feldheim, Ohad N and Gurel-Gurevich, Ori},
  journal={Electronic Communications in Probability},
  volume={26},
  pages={1--8},
  year={2021},
  publisher={Institute of Mathematical Statistics and Bernoulli Society}
}

@article{mitzenmacher2020algorithms,
  title={Algorithms with predictions},
  author={Mitzenmacher, Michael and Vassilvitskii, Sergei},
  journal={arXiv preprint arXiv:2006.09123},
  year={2020}
}

@article{jang2019q,
  title={Q-learning algorithms: A comprehensive classification and applications},
  author={Jang, Beakcheol and Kim, Myeonghwi and Harerimana, Gaspard and Kim, Jong Wook},
  journal={IEEE Access},
  volume={7},
  pages={133653--133667},
  year={2019},
  publisher={IEEE}
}

@article{berenbrink2006balanced,
  title={Balanced allocations: The heavily loaded case},
  author={Berenbrink, Petra and Czumaj, Artur and Steger, Angelika and V{\"o}cking, Berthold},
  journal={SIAM Journal on Computing},
  volume={35},
  number={6},
  pages={1350--1385},
  year={2006},
  publisher={SIAM}
}

@article{bansal2021well,
  title={Well-Balanced Allocation on General Graphs},
  author={Bansal, Nikhil and Feldheim, Ohad},
  journal={arXiv preprint arXiv:2106.06051},
  year={2021}
}

@inproceedings{czumaj1997randomized,
  title={Randomized allocation processes},
  author={Czumaj, Artur and Stemann, Volker},
  booktitle={Proceedings 38th Annual Symposium on Foundations of Computer Science},
  pages={194--203},
  year={1997},
  organization={IEEE}
}

@inproceedings{nasir2015power,
  title={The power of both choices: Practical load balancing for distributed stream processing engines},
  author={Nasir, Muhammad Anis Uddin and Morales, Gianmarco De Francisci and Garcia-Soriano, David and Kourtellis, Nicolas and Serafini, Marco},
  booktitle={2015 IEEE 31st International Conference on Data Engineering},
  pages={137--148},
  year={2015},
  organization={IEEE}
}